%YAML 1.1
%TAG !u! tag:unity3d.com,2011:
--- !u!1 &7482596173602376451
GameObject:
  m_ObjectHideFlags: 0
  m_CorrespondingSourceObject: {fileID: 0}
  m_PrefabInstance: {fileID: 0}
  m_PrefabAsset: {fileID: 0}
  serializedVersion: 6
  m_Component:
  - component: {fileID: 7482596173602376453}
  - component: {fileID: 7482596173602376452}
  - component: {fileID: 7482596173602376455}
  - component: {fileID: 7482596173602376454}
  - component: {fileID: 7482596173602376449}
  - component: {fileID: 7482596173602376448}
  m_Layer: 0
  m_Name: Monitor LVL2
  m_TagString: Monitor
  m_Icon: {fileID: 0}
  m_NavMeshLayer: 0
  m_StaticEditorFlags: 0
  m_IsActive: 1
--- !u!4 &7482596173602376453
Transform:
  m_ObjectHideFlags: 0
  m_CorrespondingSourceObject: {fileID: 0}
  m_PrefabInstance: {fileID: 0}
  m_PrefabAsset: {fileID: 0}
  m_GameObject: {fileID: 7482596173602376451}
  m_LocalRotation: {x: 0, y: 0, z: 0, w: 1}
  m_LocalPosition: {x: -10.900001, y: 1.7, z: -7.1500006}
  m_LocalScale: {x: 1, y: 1, z: 1}
  m_ConstrainProportionsScale: 0
  m_Children: []
  m_Father: {fileID: 0}
  m_RootOrder: 0
  m_LocalEulerAnglesHint: {x: 0, y: 0, z: 0}
--- !u!114 &7482596173602376452
MonoBehaviour:
  m_ObjectHideFlags: 0
  m_CorrespondingSourceObject: {fileID: 0}
  m_PrefabInstance: {fileID: 0}
  m_PrefabAsset: {fileID: 0}
  m_GameObject: {fileID: 7482596173602376451}
  m_Enabled: 1
  m_EditorHideFlags: 0
  m_Script: {fileID: 11500000, guid: 8233d90336aea43098adf6dbabd606a2, type: 3}
  m_Name: 
  m_EditorClassIdentifier: 
  m_MeshFormatVersion: 2
  m_Faces:
  - m_Indexes: 000000000100000002000000010000000300000002000000
    m_SmoothingGroup: 0
    m_Uv:
      m_UseWorldSpace: 0
      m_FlipU: 0
      m_FlipV: 0
      m_SwapUV: 0
      m_Fill: 1
      m_Scale: {x: 1, y: 1}
      m_Offset: {x: 0, y: 0}
      m_Rotation: 0
      m_Anchor: 9
    m_Material: {fileID: 0}
    m_SubmeshIndex: 0
    m_ManualUV: 0
    elementGroup: -1
    m_TextureGroup: -1
  - m_Indexes: 040000000500000006000000050000000700000006000000
    m_SmoothingGroup: 0
    m_Uv:
      m_UseWorldSpace: 0
      m_FlipU: 0
      m_FlipV: 0
      m_SwapUV: 0
      m_Fill: 1
      m_Scale: {x: 1, y: 1}
      m_Offset: {x: 0, y: 0}
      m_Rotation: 0
      m_Anchor: 9
    m_Material: {fileID: 0}
    m_SubmeshIndex: 0
    m_ManualUV: 0
    elementGroup: -1
    m_TextureGroup: -1
  - m_Indexes: 08000000090000000a000000090000000b0000000a000000
    m_SmoothingGroup: 0
    m_Uv:
      m_UseWorldSpace: 0
      m_FlipU: 0
      m_FlipV: 0
      m_SwapUV: 0
      m_Fill: 1
      m_Scale: {x: 1, y: 1}
      m_Offset: {x: 0, y: 0}
      m_Rotation: 0
      m_Anchor: 9
    m_Material: {fileID: 0}
    m_SubmeshIndex: 0
    m_ManualUV: 0
    elementGroup: -1
    m_TextureGroup: -1
  - m_Indexes: 0c0000000d0000000e0000000d0000000f0000000e000000
    m_SmoothingGroup: 0
    m_Uv:
      m_UseWorldSpace: 0
      m_FlipU: 0
      m_FlipV: 0
      m_SwapUV: 0
      m_Fill: 1
      m_Scale: {x: 1, y: 1}
      m_Offset: {x: 0, y: 0}
      m_Rotation: 0
      m_Anchor: 9
    m_Material: {fileID: 0}
    m_SubmeshIndex: 0
    m_ManualUV: 0
    elementGroup: -1
    m_TextureGroup: -1
  - m_Indexes: 100000001100000012000000110000001300000012000000
    m_SmoothingGroup: 0
    m_Uv:
      m_UseWorldSpace: 0
      m_FlipU: 0
      m_FlipV: 0
      m_SwapUV: 0
      m_Fill: 1
      m_Scale: {x: 1, y: 1}
      m_Offset: {x: 0, y: 0}
      m_Rotation: 0
      m_Anchor: 9
    m_Material: {fileID: 0}
    m_SubmeshIndex: 0
    m_ManualUV: 0
    elementGroup: -1
    m_TextureGroup: -1
  - m_Indexes: 140000001500000016000000150000001700000016000000
    m_SmoothingGroup: 0
    m_Uv:
      m_UseWorldSpace: 0
      m_FlipU: 0
      m_FlipV: 0
      m_SwapUV: 0
      m_Fill: 1
      m_Scale: {x: 1, y: 1}
      m_Offset: {x: 0, y: 0}
      m_Rotation: 0
      m_Anchor: 9
    m_Material: {fileID: 0}
    m_SubmeshIndex: 0
    m_ManualUV: 0
    elementGroup: -1
    m_TextureGroup: -1
  - m_Indexes: 18000000190000001a000000190000001b0000001a000000
    m_SmoothingGroup: 0
    m_Uv:
      m_UseWorldSpace: 0
      m_FlipU: 0
      m_FlipV: 0
      m_SwapUV: 0
      m_Fill: 1
      m_Scale: {x: 1, y: 1}
      m_Offset: {x: 0, y: 0}
      m_Rotation: 0
      m_Anchor: 9
    m_Material: {fileID: 0}
    m_SubmeshIndex: 0
    m_ManualUV: 0
    elementGroup: -1
    m_TextureGroup: -1
  - m_Indexes: 1c0000001d0000001e0000001d0000001f0000001e000000
    m_SmoothingGroup: 0
    m_Uv:
      m_UseWorldSpace: 0
      m_FlipU: 0
      m_FlipV: 0
      m_SwapUV: 0
      m_Fill: 1
      m_Scale: {x: 1, y: 1}
      m_Offset: {x: 0, y: 0}
      m_Rotation: 0
      m_Anchor: 9
    m_Material: {fileID: 0}
    m_SubmeshIndex: 0
    m_ManualUV: 0
    elementGroup: -1
    m_TextureGroup: -1
  - m_Indexes: 200000002100000022000000210000002300000022000000
    m_SmoothingGroup: 0
    m_Uv:
      m_UseWorldSpace: 0
      m_FlipU: 0
      m_FlipV: 0
      m_SwapUV: 0
      m_Fill: 1
      m_Scale: {x: 1, y: 1}
      m_Offset: {x: 0, y: 0}
      m_Rotation: 0
      m_Anchor: 9
    m_Material: {fileID: 0}
    m_SubmeshIndex: 1
    m_ManualUV: 0
    elementGroup: -1
    m_TextureGroup: -1
  - m_Indexes: 240000002500000026000000250000002700000026000000
    m_SmoothingGroup: 0
    m_Uv:
      m_UseWorldSpace: 0
      m_FlipU: 0
      m_FlipV: 0
      m_SwapUV: 0
      m_Fill: 1
      m_Scale: {x: 1, y: 1}
      m_Offset: {x: 0, y: 0}
      m_Rotation: 0
      m_Anchor: 9
    m_Material: {fileID: 0}
    m_SubmeshIndex: 0
    m_ManualUV: 0
    elementGroup: -1
    m_TextureGroup: -1
  - m_Indexes: 28000000290000002a000000290000002b0000002a000000
    m_SmoothingGroup: 0
    m_Uv:
      m_UseWorldSpace: 0
      m_FlipU: 0
      m_FlipV: 0
      m_SwapUV: 0
      m_Fill: 1
      m_Scale: {x: 1, y: 1}
      m_Offset: {x: 0, y: 0}
      m_Rotation: 0
      m_Anchor: 9
    m_Material: {fileID: 0}
    m_SubmeshIndex: 0
    m_ManualUV: 0
    elementGroup: -1
    m_TextureGroup: -1
  - m_Indexes: 2c0000002d0000002e0000002d0000002f0000002e000000
    m_SmoothingGroup: 0
    m_Uv:
      m_UseWorldSpace: 0
      m_FlipU: 0
      m_FlipV: 0
      m_SwapUV: 0
      m_Fill: 1
      m_Scale: {x: 1, y: 1}
      m_Offset: {x: 0, y: 0}
      m_Rotation: 0
      m_Anchor: 9
    m_Material: {fileID: 0}
    m_SubmeshIndex: 1
    m_ManualUV: 0
    elementGroup: -1
    m_TextureGroup: -1
  - m_Indexes: 300000003100000032000000310000003300000032000000
    m_SmoothingGroup: 0
    m_Uv:
      m_UseWorldSpace: 0
      m_FlipU: 0
      m_FlipV: 0
      m_SwapUV: 0
      m_Fill: 1
      m_Scale: {x: 1, y: 1}
      m_Offset: {x: 0, y: 0}
      m_Rotation: 0
      m_Anchor: 9
    m_Material: {fileID: 0}
    m_SubmeshIndex: 0
    m_ManualUV: 0
    elementGroup: -1
    m_TextureGroup: -1
  - m_Indexes: 340000003500000036000000350000003700000036000000
    m_SmoothingGroup: 0
    m_Uv:
      m_UseWorldSpace: 0
      m_FlipU: 0
      m_FlipV: 0
      m_SwapUV: 0
      m_Fill: 1
      m_Scale: {x: 1, y: 1}
      m_Offset: {x: 0, y: 0}
      m_Rotation: 0
      m_Anchor: 9
    m_Material: {fileID: 0}
    m_SubmeshIndex: 0
    m_ManualUV: 0
    elementGroup: -1
    m_TextureGroup: -1
  - m_Indexes: 38000000390000003a000000390000003b0000003a000000
    m_SmoothingGroup: 0
    m_Uv:
      m_UseWorldSpace: 0
      m_FlipU: 0
      m_FlipV: 0
      m_SwapUV: 0
      m_Fill: 1
      m_Scale: {x: 1, y: 1}
      m_Offset: {x: 0, y: 0}
      m_Rotation: 0
      m_Anchor: 9
    m_Material: {fileID: 0}
    m_SubmeshIndex: 0
    m_ManualUV: 0
    elementGroup: -1
    m_TextureGroup: -1
  - m_Indexes: 3c0000003d0000003e0000003d0000003f0000003e000000
    m_SmoothingGroup: 0
    m_Uv:
      m_UseWorldSpace: 0
      m_FlipU: 0
      m_FlipV: 0
      m_SwapUV: 0
      m_Fill: 1
      m_Scale: {x: 1, y: 1}
      m_Offset: {x: 0, y: 0}
      m_Rotation: 0
      m_Anchor: 9
    m_Material: {fileID: 0}
    m_SubmeshIndex: 0
    m_ManualUV: 0
    elementGroup: -1
    m_TextureGroup: -1
  - m_Indexes: 400000004100000042000000410000004300000042000000
    m_SmoothingGroup: 0
    m_Uv:
      m_UseWorldSpace: 0
      m_FlipU: 0
      m_FlipV: 0
      m_SwapUV: 0
      m_Fill: 1
      m_Scale: {x: 1, y: 1}
      m_Offset: {x: 0, y: 0}
      m_Rotation: 0
      m_Anchor: 9
    m_Material: {fileID: 0}
    m_SubmeshIndex: 1
    m_ManualUV: 0
    elementGroup: -1
    m_TextureGroup: -1
  - m_Indexes: 440000004500000046000000450000004700000046000000
    m_SmoothingGroup: 0
    m_Uv:
      m_UseWorldSpace: 0
      m_FlipU: 0
      m_FlipV: 0
      m_SwapUV: 0
      m_Fill: 1
      m_Scale: {x: 1, y: 1}
      m_Offset: {x: 0, y: 0}
      m_Rotation: 0
      m_Anchor: 9
    m_Material: {fileID: 0}
    m_SubmeshIndex: 0
    m_ManualUV: 0
    elementGroup: -1
    m_TextureGroup: -1
  - m_Indexes: 48000000490000004a000000490000004b0000004a000000
    m_SmoothingGroup: 0
    m_Uv:
      m_UseWorldSpace: 0
      m_FlipU: 0
      m_FlipV: 0
      m_SwapUV: 0
      m_Fill: 1
      m_Scale: {x: 1.0000001, y: 1}
      m_Offset: {x: -0.026950099, y: -0.1500001}
      m_Rotation: 0
      m_Anchor: 9
    m_Material: {fileID: 0}
    m_SubmeshIndex: 0
    m_ManualUV: 0
    elementGroup: -1
    m_TextureGroup: -1
  - m_Indexes: 4c0000004d0000004e0000004d0000004f0000004e000000
    m_SmoothingGroup: 0
    m_Uv:
      m_UseWorldSpace: 0
      m_FlipU: 0
      m_FlipV: 0
      m_SwapUV: 0
      m_Fill: 1
      m_Scale: {x: 1.0000007, y: 1.0000015}
      m_Offset: {x: -0.21194588, y: -0.15000033}
      m_Rotation: 360
      m_Anchor: 9
    m_Material: {fileID: 0}
    m_SubmeshIndex: 0
    m_ManualUV: 0
    elementGroup: -1
    m_TextureGroup: -1
  - m_Indexes: 500000005100000052000000510000005300000052000000
    m_SmoothingGroup: 0
    m_Uv:
      m_UseWorldSpace: 0
      m_FlipU: 0
      m_FlipV: 0
      m_SwapUV: 0
      m_Fill: 1
      m_Scale: {x: 0.9999939, y: 1.0000012}
      m_Offset: {x: 0.026950277, y: -0.15000027}
      m_Rotation: 0
      m_Anchor: 9
    m_Material: {fileID: 0}
    m_SubmeshIndex: 0
    m_ManualUV: 0
    elementGroup: -1
    m_TextureGroup: -1
  - m_Indexes: 540000005500000056000000550000005700000056000000
    m_SmoothingGroup: 0
    m_Uv:
      m_UseWorldSpace: 0
      m_FlipU: 0
      m_FlipV: 0
      m_SwapUV: 0
      m_Fill: 1
      m_Scale: {x: 1.0000013, y: 1.0000012}
      m_Offset: {x: 0.21194598, y: -0.15000027}
      m_Rotation: 0
      m_Anchor: 9
    m_Material: {fileID: 0}
    m_SubmeshIndex: 0
    m_ManualUV: 0
    elementGroup: -1
    m_TextureGroup: -1
  - m_Indexes: 58000000590000005a000000590000005b0000005a000000
    m_SmoothingGroup: 0
    m_Uv:
      m_UseWorldSpace: 0
      m_FlipU: 0
      m_FlipV: 0
      m_SwapUV: 0
      m_Fill: 1
      m_Scale: {x: 1.0000004, y: 1.0000001}
      m_Offset: {x: 0.19200271, y: -0.16433993}
      m_Rotation: 37.70157
      m_Anchor: 9
    m_Material: {fileID: 0}
    m_SubmeshIndex: 0
    m_ManualUV: 0
    elementGroup: -1
    m_TextureGroup: -1
  - m_Indexes: 5c0000005d0000005e0000005d0000005f0000005e000000
    m_SmoothingGroup: 0
    m_Uv:
      m_UseWorldSpace: 0
      m_FlipU: 0
      m_FlipV: 0
      m_SwapUV: 0
      m_Fill: 1
      m_Scale: {x: 0.9999991, y: 1.0000015}
      m_Offset: {x: -0.1920025, y: -0.16434023}
      m_Rotation: 322.29855
      m_Anchor: 9
    m_Material: {fileID: 0}
    m_SubmeshIndex: 0
    m_ManualUV: 0
    elementGroup: -1
    m_TextureGroup: -1
  - m_Indexes: 600000006100000062000000610000006300000062000000
    m_SmoothingGroup: 0
    m_Uv:
      m_UseWorldSpace: 0
      m_FlipU: 0
      m_FlipV: 0
      m_SwapUV: 0
      m_Fill: 1
      m_Scale: {x: 0.9999948, y: 1.0000012}
      m_Offset: {x: 0.015971065, y: -0.15000027}
      m_Rotation: 0
      m_Anchor: 9
    m_Material: {fileID: 0}
    m_SubmeshIndex: 0
    m_ManualUV: 0
    elementGroup: -1
    m_TextureGroup: -1
  - m_Indexes: 640000006500000066000000650000006700000066000000
    m_SmoothingGroup: 0
    m_Uv:
      m_UseWorldSpace: 0
      m_FlipU: 0
      m_FlipV: 0
      m_SwapUV: 0
      m_Fill: 1
      m_Scale: {x: 0.9999999, y: 1.0000012}
      m_Offset: {x: 0.29069003, y: -0.15000027}
      m_Rotation: 0
      m_Anchor: 9
    m_Material: {fileID: 0}
    m_SubmeshIndex: 0
    m_ManualUV: 0
    elementGroup: -1
    m_TextureGroup: -1
  - m_Indexes: 68000000690000006a000000690000006b0000006a000000
    m_SmoothingGroup: 0
    m_Uv:
      m_UseWorldSpace: 0
      m_FlipU: 0
      m_FlipV: 0
      m_SwapUV: 0
      m_Fill: 1
      m_Scale: {x: 0.99999994, y: 1}
      m_Offset: {x: -0.015971323, y: -0.1500001}
      m_Rotation: 0
      m_Anchor: 9
    m_Material: {fileID: 0}
    m_SubmeshIndex: 0
    m_ManualUV: 0
    elementGroup: -1
    m_TextureGroup: -1
  - m_Indexes: 6c0000006d0000006e0000006d0000006f0000006e000000
    m_SmoothingGroup: 0
    m_Uv:
      m_UseWorldSpace: 0
      m_FlipU: 0
      m_FlipV: 0
      m_SwapUV: 0
      m_Fill: 1
      m_Scale: {x: 1.0000001, y: 1.0000015}
      m_Offset: {x: -0.29069006, y: -0.15000033}
      m_Rotation: 360
      m_Anchor: 9
    m_Material: {fileID: 0}
    m_SubmeshIndex: 0
    m_ManualUV: 0
    elementGroup: -1
    m_TextureGroup: -1
  - m_Indexes: 700000007100000072000000710000007300000072000000
    m_SmoothingGroup: 0
    m_Uv:
      m_UseWorldSpace: 0
      m_FlipU: 0
      m_FlipV: 0
      m_SwapUV: 0
      m_Fill: 1
      m_Scale: {x: 0.99999905, y: 1}
      m_Offset: {x: 0.16513698, y: 0.24905792}
      m_Rotation: 325.8959
      m_Anchor: 9
    m_Material: {fileID: 0}
    m_SubmeshIndex: 0
    m_ManualUV: 0
    elementGroup: -1
    m_TextureGroup: -1
  - m_Indexes: 740000007500000076000000750000007700000076000000
    m_SmoothingGroup: 0
    m_Uv:
      m_UseWorldSpace: 0
      m_FlipU: 0
      m_FlipV: 0
      m_SwapUV: 0
      m_Fill: 1
      m_Scale: {x: 0.9999996, y: 0.99999976}
      m_Offset: {x: -0.16513707, y: 0.24905786}
      m_Rotation: 34.104137
      m_Anchor: 9
    m_Material: {fileID: 0}
    m_SubmeshIndex: 0
    m_ManualUV: 0
    elementGroup: -1
    m_TextureGroup: -1
  m_SharedVertices:
  - m_Vertices: 000000000d00000016000000
  - m_Vertices: 010000000400000017000000
  - m_Vertices: 020000000f0000001d000000380000003d000000
  - m_Vertices: 180000003a0000003f000000
  - m_Vertices: 100000001f0000003c00000045000000
  - m_Vertices: 1a0000003e00000047000000
  - m_Vertices: 0300000006000000200000003900000040000000
  - m_Vertices: 190000003b00000042000000
  - m_Vertices: 11000000220000004100000044000000
  - m_Vertices: 1b0000004300000046000000
  - m_Vertices: 050000000800000015000000
  - m_Vertices: 070000000a00000021000000280000002d000000
  - m_Vertices: 240000002a0000002f000000
  - m_Vertices: 13000000230000002c00000035000000
  - m_Vertices: 260000002e00000037000000
  - m_Vertices: 090000000c00000014000000
  - m_Vertices: 0b0000000e0000001c0000002900000030000000
  - m_Vertices: 250000002b00000032000000
  - m_Vertices: 120000001e0000003100000034000000
  - m_Vertices: 270000003300000036000000
  - m_Vertices: 48000000550000005e000000
  - m_Vertices: 490000004c0000005f000000
  - m_Vertices: 4a0000005700000058000000
  - m_Vertices: 4b0000004e00000059000000
  - m_Vertices: 4d000000500000005d000000
  - m_Vertices: 4f000000520000005b000000
  - m_Vertices: 51000000540000005c000000
  - m_Vertices: 53000000560000005a000000
  - m_Vertices: 600000006d00000076000000
  - m_Vertices: 610000006400000077000000
  - m_Vertices: 620000006f00000070000000
  - m_Vertices: 630000006600000071000000
  - m_Vertices: 650000006800000075000000
  - m_Vertices: 670000006a00000073000000
  - m_Vertices: 690000006c00000074000000
  - m_Vertices: 6b0000006e00000072000000
  m_SharedTextures: []
  m_Positions:
  - {x: -0.05000019, y: -0.19999999, z: 0.049999952}
  - {x: 0.05000019, y: -0.19999999, z: 0.049999952}
  - {x: 0.025177956, y: 0.20000005, z: 0.05000019}
  - {x: 0.05000019, y: 0.19999999, z: 0.049999952}
  - {x: 0.05000019, y: -0.19999999, z: 0.049999952}
  - {x: 0.05000019, y: -0.19999999, z: -0.049999952}
  - {x: 0.05000019, y: 0.19999999, z: 0.049999952}
  - {x: 0.05000019, y: 0.19999999, z: -0.049999952}
  - {x: 0.05000019, y: -0.19999999, z: -0.049999952}
  - {x: -0.05000019, y: -0.19999999, z: -0.049999952}
  - {x: 0.05000019, y: 0.19999999, z: -0.049999952}
  - {x: 0.025177956, y: 0.20000005, z: -0.05000019}
  - {x: -0.05000019, y: -0.19999999, z: -0.049999952}
  - {x: -0.05000019, y: -0.19999999, z: 0.049999952}
  - {x: 0.025177956, y: 0.20000005, z: -0.05000019}
  - {x: 0.025177956, y: 0.20000005, z: 0.05000019}
  - {x: 0.025177956, y: 0.70000005, z: 0.05000019}
  - {x: 0.05000019, y: 0.70000005, z: 0.05000019}
  - {x: 0.025177956, y: 0.70000005, z: -0.05000019}
  - {x: 0.05000019, y: 0.70000005, z: -0.05000019}
  - {x: -0.05000019, y: -0.19999999, z: -0.049999952}
  - {x: 0.05000019, y: -0.19999999, z: -0.049999952}
  - {x: -0.05000019, y: -0.19999999, z: 0.049999952}
  - {x: 0.05000019, y: -0.19999999, z: 0.049999952}
  - {x: 0.025177956, y: 0.20000005, z: 0.65010023}
  - {x: 0.05000019, y: 0.20000005, z: 0.65010023}
  - {x: 0.025177956, y: 0.70000005, z: 0.6501007}
  - {x: 0.05000019, y: 0.70000005, z: 0.6501007}
  - {x: 0.025177956, y: 0.20000005, z: -0.05000019}
  - {x: 0.025177956, y: 0.20000005, z: 0.05000019}
  - {x: 0.025177956, y: 0.70000005, z: -0.05000019}
  - {x: 0.025177956, y: 0.70000005, z: 0.05000019}
  - {x: 0.05000019, y: 0.19999999, z: 0.049999952}
  - {x: 0.05000019, y: 0.19999999, z: -0.049999952}
  - {x: 0.05000019, y: 0.70000005, z: 0.05000019}
  - {x: 0.05000019, y: 0.70000005, z: -0.05000019}
  - {x: 0.05000019, y: 0.20000005, z: -0.64999914}
  - {x: 0.025177956, y: 0.20000005, z: -0.64999914}
  - {x: 0.05000019, y: 0.70000005, z: -0.6499996}
  - {x: 0.025177956, y: 0.70000005, z: -0.6499996}
  - {x: 0.05000019, y: 0.19999999, z: -0.049999952}
  - {x: 0.025177956, y: 0.20000005, z: -0.05000019}
  - {x: 0.05000019, y: 0.20000005, z: -0.64999914}
  - {x: 0.025177956, y: 0.20000005, z: -0.64999914}
  - {x: 0.05000019, y: 0.70000005, z: -0.05000019}
  - {x: 0.05000019, y: 0.19999999, z: -0.049999952}
  - {x: 0.05000019, y: 0.70000005, z: -0.6499996}
  - {x: 0.05000019, y: 0.20000005, z: -0.64999914}
  - {x: 0.025177956, y: 0.20000005, z: -0.05000019}
  - {x: 0.025177956, y: 0.70000005, z: -0.05000019}
  - {x: 0.025177956, y: 0.20000005, z: -0.64999914}
  - {x: 0.025177956, y: 0.70000005, z: -0.6499996}
  - {x: 0.025177956, y: 0.70000005, z: -0.05000019}
  - {x: 0.05000019, y: 0.70000005, z: -0.05000019}
  - {x: 0.025177956, y: 0.70000005, z: -0.6499996}
  - {x: 0.05000019, y: 0.70000005, z: -0.6499996}
  - {x: 0.025177956, y: 0.20000005, z: 0.05000019}
  - {x: 0.05000019, y: 0.19999999, z: 0.049999952}
  - {x: 0.025177956, y: 0.20000005, z: 0.65010023}
  - {x: 0.05000019, y: 0.20000005, z: 0.65010023}
  - {x: 0.025177956, y: 0.70000005, z: 0.05000019}
  - {x: 0.025177956, y: 0.20000005, z: 0.05000019}
  - {x: 0.025177956, y: 0.70000005, z: 0.6501007}
  - {x: 0.025177956, y: 0.20000005, z: 0.65010023}
  - {x: 0.05000019, y: 0.19999999, z: 0.049999952}
  - {x: 0.05000019, y: 0.70000005, z: 0.05000019}
  - {x: 0.05000019, y: 0.20000005, z: 0.65010023}
  - {x: 0.05000019, y: 0.70000005, z: 0.6501007}
  - {x: 0.05000019, y: 0.70000005, z: 0.05000019}
  - {x: 0.025177956, y: 0.70000005, z: 0.05000019}
  - {x: 0.05000019, y: 0.70000005, z: 0.6501007}
  - {x: 0.025177956, y: 0.70000005, z: 0.6501007}
  - {x: -0.07302475, y: -0.20000005, z: -0.08057737}
  - {x: 0.00609684, y: -0.20000005, z: -0.019422054}
  - {x: -0.07302475, y: -0.10000014, z: -0.08057737}
  - {x: 0.00609684, y: -0.10000014, z: -0.019422054}
  - {x: 0.00609684, y: -0.20000005, z: -0.019422054}
  - {x: 0.3730259, y: -0.20000005, z: -0.35678387}
  - {x: 0.00609684, y: -0.10000014, z: -0.019422054}
  - {x: 0.3730259, y: -0.10000014, z: -0.35678387}
  - {x: 0.3730259, y: -0.20000005, z: -0.35678387}
  - {x: 0.2939043, y: -0.20000005, z: -0.4179392}
  - {x: 0.3730259, y: -0.10000014, z: -0.35678387}
  - {x: 0.2939043, y: -0.10000014, z: -0.4179392}
  - {x: 0.2939043, y: -0.20000005, z: -0.4179392}
  - {x: -0.07302475, y: -0.20000005, z: -0.08057737}
  - {x: 0.2939043, y: -0.10000014, z: -0.4179392}
  - {x: -0.07302475, y: -0.10000014, z: -0.08057737}
  - {x: -0.07302475, y: -0.10000014, z: -0.08057737}
  - {x: 0.00609684, y: -0.10000014, z: -0.019422054}
  - {x: 0.2939043, y: -0.10000014, z: -0.4179392}
  - {x: 0.3730259, y: -0.10000014, z: -0.35678387}
  - {x: 0.2939043, y: -0.20000005, z: -0.4179392}
  - {x: 0.3730259, y: -0.20000005, z: -0.35678387}
  - {x: -0.07302475, y: -0.20000005, z: -0.08057737}
  - {x: 0.00609684, y: -0.20000005, z: -0.019422054}
  - {x: 0.27680874, y: -0.20000005, z: 0.5264416}
  - {x: 0.3596115, y: -0.20000005, z: 0.47037125}
  - {x: 0.27680874, y: -0.10000014, z: 0.5264416}
  - {x: 0.3596115, y: -0.10000014, z: 0.47037125}
  - {x: 0.3596115, y: -0.20000005, z: 0.47037125}
  - {x: 0.041401863, y: -0.20000005, z: 0.021965504}
  - {x: 0.3596115, y: -0.10000014, z: 0.47037125}
  - {x: 0.041401863, y: -0.10000014, z: 0.021965504}
  - {x: 0.041401863, y: -0.20000005, z: 0.021965504}
  - {x: -0.04140091, y: -0.20000005, z: 0.07803583}
  - {x: 0.041401863, y: -0.10000014, z: 0.021965504}
  - {x: -0.04140091, y: -0.10000014, z: 0.07803583}
  - {x: -0.04140091, y: -0.20000005, z: 0.07803583}
  - {x: 0.27680874, y: -0.20000005, z: 0.5264416}
  - {x: -0.04140091, y: -0.10000014, z: 0.07803583}
  - {x: 0.27680874, y: -0.10000014, z: 0.5264416}
  - {x: 0.27680874, y: -0.10000014, z: 0.5264416}
  - {x: 0.3596115, y: -0.10000014, z: 0.47037125}
  - {x: -0.04140091, y: -0.10000014, z: 0.07803583}
  - {x: 0.041401863, y: -0.10000014, z: 0.021965504}
  - {x: -0.04140091, y: -0.20000005, z: 0.07803583}
  - {x: 0.041401863, y: -0.20000005, z: 0.021965504}
  - {x: 0.27680874, y: -0.20000005, z: 0.5264416}
  - {x: 0.3596115, y: -0.20000005, z: 0.47037125}
  m_Textures0:
  - {x: 0.05000019, y: -0.19999996}
  - {x: -0.05000019, y: -0.19999996}
  - {x: -0.025177956, y: 0.20000008}
  - {x: -0.05000019, y: 0.20000002}
  - {x: 0.049999952, y: -0.19999999}
  - {x: -0.049999952, y: -0.19999999}
  - {x: 0.049999952, y: 0.19999999}
  - {x: -0.049999952, y: 0.19999999}
  - {x: 0.05000019, y: -0.19999999}
  - {x: -0.05000019, y: -0.19999999}
  - {x: 0.05000019, y: 0.19999999}
  - {x: 0.025177956, y: 0.20000005}
  - {x: 0.049999952, y: -0.20579416}
  - {x: -0.049999952, y: -0.20579416}
  - {x: 0.05000019, y: 0.20120926}
  - {x: -0.05000019, y: 0.20120926}
  - {x: 0.025177956, y: 0.05000019}
  - {x: 0.05000019, y: 0.05000019}
  - {x: 0.025177956, y: -0.05000019}
  - {x: 0.05000019, y: -0.05000019}
  - {x: 0.05000019, y: -0.049999952}
  - {x: -0.05000019, y: -0.049999952}
  - {x: 0.05000019, y: 0.049999952}
  - {x: -0.05000019, y: 0.049999952}
  - {x: -0.025177956, y: 0.20000067}
  - {x: -0.05000019, y: 0.20000067}
  - {x: -0.025177956, y: 0.70000064}
  - {x: -0.05000019, y: 0.70000064}
  - {x: 0.05000019, y: 0.20000005}
  - {x: -0.05000019, y: 0.20000005}
  - {x: 0.05000019, y: 0.70000005}
  - {x: -0.05000019, y: 0.70000005}
  - {x: 0.049999952, y: 0.19999999}
  - {x: -0.049999952, y: 0.19999999}
  - {x: 0.05000019, y: 0.70000005}
  - {x: -0.05000019, y: 0.70000005}
  - {x: 0.05000019, y: 0.20000067}
  - {x: 0.025177956, y: 0.20000067}
  - {x: 0.05000019, y: 0.70000064}
  - {x: 0.025177956, y: 0.70000064}
  - {x: -0.04999971, y: -0.04999997}
  - {x: -0.025177475, y: -0.05000021}
  - {x: -0.04999971, y: -0.64999914}
  - {x: -0.025177475, y: -0.64999914}
  - {x: -0.05000019, y: 0.70000005}
  - {x: -0.049999952, y: 0.19999999}
  - {x: -0.6499996, y: 0.70000005}
  - {x: -0.64999914, y: 0.20000005}
  - {x: 0.05000019, y: 0.20000005}
  - {x: 0.05000019, y: 0.70000005}
  - {x: 0.64999914, y: 0.20000005}
  - {x: 0.6499996, y: 0.70000005}
  - {x: 0.025177956, y: -0.05000019}
  - {x: 0.05000019, y: -0.05000019}
  - {x: 0.025177956, y: -0.6499996}
  - {x: 0.05000019, y: -0.6499996}
  - {x: -0.025177475, y: 0.05000019}
  - {x: -0.04999971, y: 0.049999952}
  - {x: -0.025177475, y: 0.65010023}
  - {x: -0.04999971, y: 0.65010023}
  - {x: -0.05000019, y: 0.70000005}
  - {x: -0.05000019, y: 0.20000005}
  - {x: -0.6501007, y: 0.70000005}
  - {x: -0.65010023, y: 0.20000005}
  - {x: 0.049999952, y: 0.19999999}
  - {x: 0.05000019, y: 0.70000005}
  - {x: 0.65010023, y: 0.20000005}
  - {x: 0.6501007, y: 0.70000005}
  - {x: 0.05000019, y: 0.05000019}
  - {x: 0.025177956, y: 0.05000019}
  - {x: 0.05000019, y: 0.6501007}
  - {x: 0.025177956, y: 0.6501007}
  - {x: 0.13400474, y: -0.049999952}
  - {x: 0.03400373, y: -0.049999952}
  - {x: 0.13400474, y: 0.049999952}
  - {x: 0.03400373, y: 0.049999952}
  - {x: 0.19431238, y: -0.05000007}
  - {x: -0.30413544, y: -0.049999982}
  - {x: 0.19431241, y: 0.049999982}
  - {x: -0.30413544, y: 0.05000007}
  - {x: 0.05000019, y: -0.050000012}
  - {x: -0.05000019, y: -0.050000012}
  - {x: 0.05000019, y: 0.050000012}
  - {x: -0.05000019, y: 0.050000012}
  - {x: 0.28728226, y: -0.050000012}
  - {x: -0.2111659, y: -0.050000012}
  - {x: 0.28728226, y: 0.050000012}
  - {x: -0.2111659, y: 0.050000012}
  - {x: -0.13400441, y: 0.19131841}
  - {x: -0.03400339, y: 0.1913182}
  - {x: -0.050000772, y: -0.29999965}
  - {x: 0.05000022, y: -0.29999986}
  - {x: 0.05000058, y: -0.2999998}
  - {x: -0.05000043, y: -0.29999968}
  - {x: 0.13400455, y: 0.1913182}
  - {x: 0.03400354, y: 0.19131832}
  - {x: 0.05000019, y: -0.050000012}
  - {x: -0.05000019, y: -0.050000012}
  - {x: 0.05000019, y: 0.050000012}
  - {x: -0.05000019, y: 0.050000012}
  - {x: 0.3010247, y: -0.050000012}
  - {x: -0.24881622, y: -0.050000012}
  - {x: 0.3010247, y: 0.050000012}
  - {x: -0.24881622, y: 0.050000012}
  - {x: 0.037936885, y: -0.049999952}
  - {x: -0.06206402, y: -0.049999952}
  - {x: 0.037936885, y: 0.049999952}
  - {x: -0.06206402, y: 0.049999952}
  - {x: 0.25101033, y: -0.05000007}
  - {x: -0.29883075, y: -0.049999982}
  - {x: 0.25101033, y: 0.049999982}
  - {x: -0.29883075, y: 0.05000007}
  - {x: -0.050000563, y: 0.29999986}
  - {x: 0.050000265, y: 0.2999998}
  - {x: -0.062063932, y: -0.2497086}
  - {x: 0.03793691, y: -0.24970862}
  - {x: 0.062063903, y: -0.24970865}
  - {x: -0.03793697, y: -0.2497086}
  - {x: 0.050000623, y: 0.2999998}
  - {x: -0.050000265, y: 0.29999986}
  m_Textures2: []
  m_Textures3: []
  m_Tangents:
  - {x: -1, y: 0, z: 0, w: -1}
  - {x: -1, y: 0, z: 0.0000048025204, w: -1}
  - {x: -1, y: 0, z: 0.0000048025204, w: -1}
  - {x: -1, y: 0, z: 0.000009605041, w: -1}
  - {x: 0, y: 0, z: 1, w: -1}
  - {x: 0, y: 0, z: 1, w: -1}
  - {x: 0, y: 0, z: 1, w: -1}
  - {x: 0, y: 0, z: 1, w: -1}
  - {x: 1, y: 0, z: 0, w: -1}
  - {x: 1, y: 0, z: 0.000004802517, w: -1}
  - {x: 1, y: 0, z: 0.000004802517, w: -1}
  - {x: 1, y: 0, z: 0.000009605034, w: -1}
  - {x: 0, y: 0, z: -1, w: -1}
  - {x: 0, y: 0, z: -1, w: -1}
  - {x: 0, y: 0, z: -1, w: -1}
  - {x: 0, y: 0, z: -1, w: -1}
  - {x: 1, y: 0, z: 0, w: -1}
  - {x: 1, y: 0, z: 0, w: -1}
  - {x: 1, y: 0, z: 0, w: -1}
  - {x: 1, y: 0, z: 0, w: -1}
  - {x: -1, y: 0, z: 0, w: -1}
  - {x: -1, y: 0, z: 0, w: -1}
  - {x: -1, y: 0, z: 0, w: -1}
  - {x: -1, y: 0, z: 0, w: -1}
  - {x: -1, y: 0, z: 0, w: -1}
  - {x: -1, y: 0, z: 0, w: -1}
  - {x: -1, y: 0, z: 0, w: -1}
  - {x: -1, y: 0, z: 0, w: -1}
  - {x: 0, y: 0, z: -1, w: -1}
  - {x: 0, y: 0, z: -1, w: -1}
  - {x: 0, y: 0, z: -1, w: -1}
  - {x: 0, y: 0, z: -1, w: -1}
  - {x: 0, y: 0, z: 1, w: -1}
  - {x: 0, y: 0, z: 1, w: -1}
  - {x: 0, y: 0, z: 1, w: -1}
  - {x: 0, y: 0, z: 1, w: -1}
  - {x: 1, y: 0, z: 0, w: -1}
  - {x: 1, y: 0, z: 0, w: -1}
  - {x: 1, y: 0, z: 0, w: -1}
  - {x: 1, y: 0, z: 0, w: -1}
  - {x: -1, y: 0.000002401259, z: -2.2587575e-20, w: -1}
  - {x: -1, y: 0.0000012006295, z: -5.646894e-21, w: -1}
  - {x: -1, y: 0.0000012006295, z: -5.646894e-21, w: -1}
  - {x: -1, y: 0, z: 0, w: -1}
  - {x: 0, y: 0, z: 1, w: -1}
  - {x: 0, y: 0, z: 1, w: -1}
  - {x: 0, y: 0, z: 1, w: -1}
  - {x: 0, y: 0, z: 1, w: -1}
  - {x: 0, y: 0, z: -1, w: -1}
  - {x: 0, y: 0, z: -1, w: -1}
  - {x: 0, y: 0, z: -1, w: -1}
  - {x: 0, y: 0, z: -1, w: -1}
  - {x: 1, y: 0, z: 0, w: -1}
  - {x: 1, y: 0, z: 0, w: -1}
  - {x: 1, y: 0, z: 0, w: -1}
  - {x: 1, y: 0, z: 0, w: -1}
  - {x: -1, y: 0.0000024012602, z: 0, w: -1}
  - {x: -1, y: 0.0000012006301, z: 5.6459427e-21, w: -1}
  - {x: -1, y: 0.0000012006301, z: 5.6459427e-21, w: -1}
  - {x: -1, y: 0, z: 0, w: -1}
  - {x: 0, y: 0, z: -1, w: -1}
  - {x: 0, y: 0, z: -1, w: -1}
  - {x: 0, y: 0, z: -1, w: -1}
  - {x: 0, y: 0, z: -1, w: -1}
  - {x: 0, y: 0, z: 1, w: -1}
  - {x: 0, y: 0, z: 1, w: -1}
  - {x: 0, y: 0, z: 1, w: -1}
  - {x: 0, y: 0, z: 1, w: -1}
  - {x: 1, y: 0, z: 0, w: -1}
  - {x: 1, y: 0, z: 0, w: -1}
  - {x: 1, y: 0, z: 0, w: -1}
  - {x: 1, y: 0, z: 0, w: -1}
  - {x: -0.791208, y: 0, z: -0.6115471, w: -1}
  - {x: -0.791208, y: 0, z: -0.6115471, w: -1}
  - {x: -0.791208, y: 0, z: -0.6115471, w: -1}
  - {x: -0.791208, y: 0, z: -0.6115471, w: -1}
  - {x: -0.73614377, y: 0.0000001793706, z: 0.67682517, w: -1}
  - {x: -0.73614377, y: 0.0000001793706, z: 0.67682517, w: -1}
  - {x: -0.73614377, y: 0.0000001793706, z: 0.67682517, w: -1}
  - {x: -0.73614377, y: 0.0000001793706, z: 0.67682517, w: -1}
  - {x: 0.791208, y: 0, z: 0.6115472, w: -1}
  - {x: 0.791208, y: 0, z: 0.6115472, w: -1}
  - {x: 0.791208, y: 0, z: 0.6115472, w: -1}
  - {x: 0.791208, y: 0, z: 0.6115472, w: -1}
  - {x: 0.7361438, y: 0, z: -0.6768252, w: -1}
  - {x: 0.7361438, y: 0, z: -0.6768252, w: -1}
  - {x: 0.7361438, y: 0, z: -0.6768252, w: -1}
  - {x: 0.7361438, y: 0, z: -0.6768252, w: -1}
  - {x: 0.7912067, y: 0, z: 0.6115487, w: -1}
  - {x: 0.79120684, y: 0, z: 0.61154866, w: -1}
  - {x: 0.79120684, y: 0, z: 0.61154866, w: -1}
  - {x: 0.79120696, y: 0, z: 0.61154854, w: -1}
  - {x: -0.7912088, y: 0, z: -0.61154616, w: -1}
  - {x: -0.7912088, y: 0, z: -0.61154616, w: -1}
  - {x: -0.7912088, y: 0, z: -0.61154616, w: -1}
  - {x: -0.7912088, y: 0, z: -0.61154616, w: -1}
  - {x: -0.8280202, y: 0, z: 0.5606982, w: -1}
  - {x: -0.8280202, y: 0, z: 0.5606982, w: -1}
  - {x: -0.8280202, y: 0, z: 0.5606982, w: -1}
  - {x: -0.8280202, y: 0, z: 0.5606982, w: -1}
  - {x: 0.57873034, y: 0, z: 0.815519, w: -1}
  - {x: 0.57873034, y: 0, z: 0.815519, w: -1}
  - {x: 0.57873034, y: 0, z: 0.815519, w: -1}
  - {x: 0.57873034, y: 0, z: 0.815519, w: -1}
  - {x: 0.8280203, y: 0, z: -0.5606983, w: -1}
  - {x: 0.8280203, y: 0, z: -0.5606983, w: -1}
  - {x: 0.8280203, y: 0, z: -0.5606983, w: -1}
  - {x: 0.8280203, y: 0, z: -0.5606983, w: -1}
  - {x: -0.57873034, y: 0.00000016260489, z: -0.815519, w: -1}
  - {x: -0.57873034, y: 0.00000016260489, z: -0.815519, w: -1}
  - {x: -0.57873034, y: 0.00000016260489, z: -0.815519, w: -1}
  - {x: -0.57873034, y: 0.00000016260489, z: -0.815519, w: -1}
  - {x: 0.8280206, y: 0, z: -0.56069773, w: -1}
  - {x: 0.8280206, y: 0, z: -0.56069773, w: -1}
  - {x: 0.8280206, y: 0, z: -0.56069773, w: -1}
  - {x: 0.82802063, y: 0, z: -0.56069773, w: -1}
  - {x: -0.82802, y: 0, z: 0.56069875, w: -1}
  - {x: -0.8280198, y: 0, z: 0.560699, w: -1}
  - {x: -0.8280198, y: 0, z: 0.560699, w: -1}
  - {x: -0.8280196, y: 0, z: 0.5606992, w: -1}
  m_Colors: []
  m_UnwrapParameters:
    m_HardAngle: 88
    m_PackMargin: 20
    m_AngleError: 8
    m_AreaError: 15
  m_PreserveMeshAssetOnDestroy: 0
  assetGuid: 
  m_Mesh: {fileID: 0}
  m_VersionIndex: 1949
  m_IsSelectable: 1
  m_SelectedFaces: 
  m_SelectedEdges: []
  m_SelectedVertices: 
--- !u!114 &7482596173602376455
MonoBehaviour:
  m_ObjectHideFlags: 0
  m_CorrespondingSourceObject: {fileID: 0}
  m_PrefabInstance: {fileID: 0}
  m_PrefabAsset: {fileID: 0}
  m_GameObject: {fileID: 7482596173602376451}
  m_Enabled: 1
  m_EditorHideFlags: 0
  m_Script: {fileID: 11500000, guid: 1ca002da428252441b92f28d83c8a65f, type: 3}
  m_Name: 
  m_EditorClassIdentifier: 
  m_Shape:
    rid: 6539910962052857874
  m_Size: {x: -0.10000038, y: 0.39999998, z: 0.099999905}
  m_Rotation: {x: 0, y: 0, z: 0, w: 1}
  m_PivotLocation: 1
  m_PivotPosition: {x: 0, y: 0, z: 0}
  m_UnmodifiedMeshVersion: 704
  m_ShapeBox:
    m_Center: {x: -0.05000019, y: 0.20000005, z: 0.049999714}
    m_Extent: {x: 0.05000019, y: 0.19999999, z: 0.049999952}
  references:
    version: 2
    RefIds:
    - rid: 6539910962052857874
      type: {class: Cube, ns: UnityEngine.ProBuilder.Shapes, asm: Unity.ProBuilder}
--- !u!23 &7482596173602376454
MeshRenderer:
  m_ObjectHideFlags: 0
  m_CorrespondingSourceObject: {fileID: 0}
  m_PrefabInstance: {fileID: 0}
  m_PrefabAsset: {fileID: 0}
  m_GameObject: {fileID: 7482596173602376451}
  m_Enabled: 1
  m_CastShadows: 1
  m_ReceiveShadows: 1
  m_DynamicOccludee: 1
  m_StaticShadowCaster: 0
  m_MotionVectors: 1
  m_LightProbeUsage: 1
  m_ReflectionProbeUsage: 1
  m_RayTracingMode: 2
  m_RayTraceProcedural: 0
  m_RenderingLayerMask: 1
  m_RendererPriority: 0
  m_Materials:
  - {fileID: 2100000, guid: c57779b7701b3e04093293c94f96975f, type: 2}
  - {fileID: 2100000, guid: 38831d79a99822948bff0b12914083b8, type: 2}
  m_StaticBatchInfo:
    firstSubMesh: 0
    subMeshCount: 0
  m_StaticBatchRoot: {fileID: 0}
  m_ProbeAnchor: {fileID: 0}
  m_LightProbeVolumeOverride: {fileID: 0}
  m_ScaleInLightmap: 1
  m_ReceiveGI: 1
  m_PreserveUVs: 0
  m_IgnoreNormalsForChartDetection: 0
  m_ImportantGI: 0
  m_StitchLightmapSeams: 1
  m_SelectedEditorRenderState: 2
  m_MinimumChartSize: 4
  m_AutoUVMaxDistance: 0.5
  m_AutoUVMaxAngle: 89
  m_LightmapParameters: {fileID: 0}
  m_SortingLayerID: 0
  m_SortingLayer: 0
  m_SortingOrder: 0
  m_AdditionalVertexStreams: {fileID: 0}
--- !u!33 &7482596173602376449
MeshFilter:
  m_ObjectHideFlags: 0
  m_CorrespondingSourceObject: {fileID: 0}
  m_PrefabInstance: {fileID: 0}
  m_PrefabAsset: {fileID: 0}
  m_GameObject: {fileID: 7482596173602376451}
  m_Mesh: {fileID: 0}
--- !u!64 &7482596173602376448
MeshCollider:
  m_ObjectHideFlags: 0
  m_CorrespondingSourceObject: {fileID: 0}
  m_PrefabInstance: {fileID: 0}
  m_PrefabAsset: {fileID: 0}
  m_GameObject: {fileID: 7482596173602376451}
  m_Material: {fileID: 0}
  m_IsTrigger: 0
  m_Enabled: 1
  serializedVersion: 4
  m_Convex: 0
  m_CookingOptions: 30
  m_Mesh: {fileID: 0}
